@inproceedings{BH:04,
 author   = {Blackburn, Stephen M. and Hosking, Antony L.},
 title    = {Barriers: friend or foe?},
 pages    = {143--151},
 doi      = {10.1145/1029873.1029891},
 keywords = {garbage collection, java, memory management, write barriers},
 crossref = {ismm:04}
}
@inproceedings{SBF:12,
  author    = {Shahriyar, Rifat and Blackbur, Stephen M. and Frampton, Daniel},
  title     = {Down for the Count?  {G}etting Reference Counting Back in the Ring},
  crossref  = {ismm:12},
}
@inproceedings{YBFH:12,
  author    = {Yang, Xi and Blackburn, Stephen M. and Frampton, Daniel and Hosking, Antony L.},
  title     = {Barriers reconsidered, friendlier still!},
  crossref  = {ismm:12},
}
@proceedings{ismm:04,
  title = "Proceedings of the 4th International Symposium on Memory Management, ISMM 2004, Vancouver, BC, Canada, October 24 - 25, 2004",
  booktitle = "Proceedings of the 4th International Symposium on Memory Management, ISMM 2004, Vancouver, BC, Canada, October 24 - 25, 2004",
  publisher = {ACM},
  year      = {2004},
  isbn = {1-58113-945-4},
}
@proceedings{ismm:12,
  title = "Proceedings of the 11th International Symposium on Memory Management, ISMM 2012, Beijng, China, June 15 - 16, 2012",
  booktitle = "Proceedings of the 11th International Symposium on Memory Management, ISMM 2012, Beijng, China, June 15 - 16, 2012",
  publisher = {ACM},
  year      = {2012},
}

